

@PhdThesis{kuper2015theses,
  author = {Kuper, Lindsey},
  title  = {Lattice-Based Data Structures For Deterministic Parallel And Distributed Programming},
  school = {Indiana University},
  year   = {2015},
}

@inproceedings{hewitt1973actors,
  author    = {Hewitt, Carl and Bishop, Peter and Steiger, Richard},
  title     = {A Universal Modular ACTOR Formalism for Artificial Intelligence},
  year      = {1973},
  publisher = {Morgan Kaufmann Publishers Inc.},
  booktitle = {{IJCAI} '73},
  pages     = {235--245},
}

@PhdThesis{fowler2019thesis,
  author = {Fowler, Simon},
  title  = {Typed Concurrent Functional Programming with Channels, Actors, and Sessions},
  school = {University of Edinburgh},
  year   = {2019},
}

@InProceedings{honda1993session,
  author    = {Honda, Kohei},
  editor    = {Best, Eike},
  title     = {Types for dyadic interaction},
  booktitle = {{CONCUR} '93},
  year      = {1993},
  publisher = {Springer},
  pages     = {509--523},
}

