

@PhdThesis{kuper2015theses,
  author = {Kuper, Lindsey},
  title  = {Lattice-Based Data Structures For Deterministic Parallel And Distributed Programming},
  school = {Indiana University},
  year   = {2015},
}

@inproceedings{hewitt1973actors,
  author    = {Hewitt, Carl and Bishop, Peter and Steiger, Richard},
  title     = {A Universal Modular ACTOR Formalism for Artificial Intelligence},
  year      = {1973},
  publisher = {Morgan Kaufmann Publishers Inc.},
  booktitle = {{IJCAI} '73},
  pages     = {235--245},
}

@PhdThesis{fowler2019thesis,
  author = {Fowler, Simon},
  title  = {Typed Concurrent Functional Programming with Channels, Actors, and Sessions},
  school = {University of Edinburgh},
  year   = {2019},
}

@InProceedings{honda1993session,
  author    = {Honda, Kohei},
  editor    = {Best, Eike},
  title     = {Types for dyadic interaction},
  booktitle = {{CONCUR} '93},
  year      = {1993},
  publisher = {Springer},
  pages     = {509--523},
}

@inproceedings{codebruijn,
  author    = {McBride, Conor},
  editor    = {Robert Atkey and Sam Lindley},
  title     = {Everybody's Got To Be Somewhere},
  booktitle = {MSFP '18},
  volume    = {275},
  pages     = {53--69},
  year      = {2018},
}

@article{turnstyleplus,
  author    = {Stephen Chang and Michael Ballantyne and Milo Turner and William J. Bowman},
  title     = {Dependent type systems as macros},
  journal   = {Proc. {ACM} Program. Lang.},
  volume    = {4},
  number    = {{POPL}},
  pages     = {3:1--3:29},
  year      = {2020},
}

@inproceedings{andromeda,
  author    = {Andrej Bauer and Philipp G. Haselwarter and Anja Petkovic},
  editor    = {Anna Maria Bigatti and Jacques Carette and James H. Davenport and Michael Joswig and Timo de Wolff},
  title     = {Equality Checking for General Type Theories in Andromeda 2},
  booktitle = {ICMS '20},
  series    = {Lecture Notes in Computer Science},
  volume    = {12097},
  pages     = {253--259},
  publisher = {Springer},
  year      = {2020},
}

@book{redex,
  author = {Felleisen, Matthias and Findler, Robert Bruce and Flatt, Matthew},
  title = {Semantics Engineering with PLT Redex.},
  publisher = {MIT Press},
  year = {2009}
}

@article{delphin,
  author = {Adam Poswolsky and Carsten Sch{\"{u}}rmann},
  title = {System Description: Delphin -- {A} Functional Programming Language for Deductive Systems},
  journal = {Electron. Notes Theor. Comput. Sci.},
  volume = {228},
  pages = {113--120},
  year = {2009},
  doi = {10.1016/j.entcs.2008.12.120},
}
